%YAML 1.1
%TAG !u! tag:unity3d.com,2011:
--- !u!29 &1
OcclusionCullingSettings:
  m_ObjectHideFlags: 0
  serializedVersion: 2
  m_OcclusionBakeSettings:
    smallestOccluder: 5
    smallestHole: 0.25
    backfaceThreshold: 100
  m_SceneGUID: 00000000000000000000000000000000
  m_OcclusionCullingData: {fileID: 0}
--- !u!104 &2
RenderSettings:
  m_ObjectHideFlags: 0
  serializedVersion: 9
  m_Fog: 0
  m_FogColor: {r: 0.5, g: 0.5, b: 0.5, a: 1}
  m_FogMode: 3
  m_FogDensity: 0.01
  m_LinearFogStart: 0
  m_LinearFogEnd: 300
  m_AmbientSkyColor: {r: 0.212, g: 0.227, b: 0.259, a: 1}
  m_AmbientEquatorColor: {r: 0.114, g: 0.125, b: 0.133, a: 1}
  m_AmbientGroundColor: {r: 0.047, g: 0.043, b: 0.035, a: 1}
  m_AmbientIntensity: 1
  m_AmbientMode: 0
  m_SubtractiveShadowColor: {r: 0.42, g: 0.478, b: 0.627, a: 1}
  m_SkyboxMaterial: {fileID: 10304, guid: 0000000000000000f000000000000000, type: 0}
  m_HaloStrength: 0.5
  m_FlareStrength: 1
  m_FlareFadeSpeed: 3
  m_HaloTexture: {fileID: 0}
  m_SpotCookie: {fileID: 10001, guid: 0000000000000000e000000000000000, type: 0}
  m_DefaultReflectionMode: 0
  m_DefaultReflectionResolution: 128
  m_ReflectionBounces: 1
  m_ReflectionIntensity: 1
  m_CustomReflection: {fileID: 0}
  m_Sun: {fileID: 0}
  m_IndirectSpecularColor: {r: 0.45073146, g: 0.4988501, b: 0.56503475, a: 1}
  m_UseRadianceAmbientProbe: 0
--- !u!157 &3
LightmapSettings:
  m_ObjectHideFlags: 0
  serializedVersion: 11
  m_GIWorkflowMode: 0
  m_GISettings:
    serializedVersion: 2
    m_BounceScale: 1
    m_IndirectOutputScale: 1
    m_AlbedoBoost: 1
    m_TemporalCoherenceThreshold: 1
    m_EnvironmentLightingMode: 0
    m_EnableBakedLightmaps: 1
    m_EnableRealtimeLightmaps: 0
  m_LightmapEditorSettings:
    serializedVersion: 10
    m_Resolution: 2
    m_BakeResolution: 10
    m_AtlasSize: 512
    m_AO: 0
    m_AOMaxDistance: 1
    m_CompAOExponent: 1
    m_CompAOExponentDirect: 0
    m_Padding: 2
    m_LightmapParameters: {fileID: 0}
    m_LightmapsBakeMode: 1
    m_TextureCompression: 1
    m_FinalGather: 0
    m_FinalGatherFiltering: 1
    m_FinalGatherRayCount: 256
    m_ReflectionCompression: 2
    m_MixedBakeMode: 2
    m_BakeBackend: 1
    m_PVRSampling: 1
    m_PVRDirectSampleCount: 32
    m_PVRSampleCount: 256
    m_PVRBounces: 2
    m_PVRFilterTypeDirect: 0
    m_PVRFilterTypeIndirect: 0
    m_PVRFilterTypeAO: 0
    m_PVRFilteringMode: 1
    m_PVRCulling: 1
    m_PVRFilteringGaussRadiusDirect: 1
    m_PVRFilteringGaussRadiusIndirect: 5
    m_PVRFilteringGaussRadiusAO: 2
    m_PVRFilteringAtrousPositionSigmaDirect: 0.5
    m_PVRFilteringAtrousPositionSigmaIndirect: 2
    m_PVRFilteringAtrousPositionSigmaAO: 1
    m_ShowResolutionOverlay: 1
  m_LightingDataAsset: {fileID: 0}
  m_UseShadowmask: 1
--- !u!196 &4
NavMeshSettings:
  serializedVersion: 2
  m_ObjectHideFlags: 0
  m_BuildSettings:
    serializedVersion: 2
    agentTypeID: 0
    agentRadius: 0.57
    agentHeight: 2
    agentSlope: 45
    agentClimb: 0.4
    ledgeDropHeight: 0
    maxJumpAcrossDistance: 0
    minRegionArea: 2
    manualCellSize: 0
    cellSize: 0.19
    manualTileSize: 0
    tileSize: 256
    accuratePlacement: 0
    debug:
      m_Flags: 0
  m_NavMeshData: {fileID: 23800000, guid: c77780bfbc1c14753a4fd3693c2efdc0, type: 2}
--- !u!1 &170076733
GameObject:
  m_ObjectHideFlags: 0
  m_CorrespondingSourceObject: {fileID: 0}
  m_PrefabInternal: {fileID: 0}
  serializedVersion: 6
  m_Component:
  - component: {fileID: 170076735}
  - component: {fileID: 170076734}
  m_Layer: 0
  m_Name: Directional Light
  m_TagString: Untagged
  m_Icon: {fileID: 0}
  m_NavMeshLayer: 0
  m_StaticEditorFlags: 0
  m_IsActive: 1
--- !u!108 &170076734
Light:
  m_ObjectHideFlags: 0
  m_CorrespondingSourceObject: {fileID: 0}
  m_PrefabInternal: {fileID: 0}
  m_GameObject: {fileID: 170076733}
  m_Enabled: 1
  serializedVersion: 8
  m_Type: 1
  m_Color: {r: 1, g: 0.95686275, b: 0.8392157, a: 1}
  m_Intensity: 1
  m_Range: 10
  m_SpotAngle: 30
  m_CookieSize: 10
  m_Shadows:
    m_Type: 2
    m_Resolution: -1
    m_CustomResolution: -1
    m_Strength: 1
    m_Bias: 0.05
    m_NormalBias: 0.4
    m_NearPlane: 0.2
  m_Cookie: {fileID: 0}
  m_DrawHalo: 0
  m_Flare: {fileID: 0}
  m_RenderMode: 0
  m_CullingMask:
    serializedVersion: 2
    m_Bits: 4294967295
  m_Lightmapping: 1
  m_LightShadowCasterMode: 0
  m_AreaSize: {x: 1, y: 1}
  m_BounceIntensity: 1
  m_ColorTemperature: 6570
  m_UseColorTemperature: 0
  m_ShadowRadius: 0
  m_ShadowAngle: 0
--- !u!4 &170076735
Transform:
  m_ObjectHideFlags: 0
  m_CorrespondingSourceObject: {fileID: 0}
  m_PrefabInternal: {fileID: 0}
  m_GameObject: {fileID: 170076733}
  m_LocalRotation: {x: 0.26943156, y: -0.091758266, z: -0.40793347, w: 0.86751217}
  m_LocalPosition: {x: 666, y: -537.9, z: 909}
  m_LocalScale: {x: 1, y: 1, z: 1}
  m_Children: []
  m_Father: {fileID: 0}
  m_RootOrder: 0
  m_LocalEulerAnglesHint: {x: 23.117, y: -24.338001, z: -55.419003}
--- !u!114 &311765143 stripped
MonoBehaviour:
  m_CorrespondingSourceObject: {fileID: 114124090533966464, guid: f64b7e993b731412599d4122bbbe35eb,
    type: 2}
  m_PrefabInternal: {fileID: 667950574}
  m_Script: {fileID: 11500000, guid: da23dfb47e0f241f1b69d5a341b5baa8, type: 3}
--- !u!114 &462333878 stripped
MonoBehaviour:
  m_CorrespondingSourceObject: {fileID: 114937421433039838, guid: acebab67694a94a469daccc5cfda8008,
    type: 2}
  m_PrefabInternal: {fileID: 586203284}
  m_Script: {fileID: 11500000, guid: d81884e1c385f4aa29ecdea9f7677ccd, type: 3}
--- !u!1001 &586203284
Prefab:
  m_ObjectHideFlags: 0
  serializedVersion: 2
  m_Modification:
    m_TransformParent: {fileID: 0}
    m_Modifications:
    - target: {fileID: 4410336491158884, guid: acebab67694a94a469daccc5cfda8008, type: 2}
      propertyPath: m_LocalPosition.x
      value: 0.6090698
      objectReference: {fileID: 0}
    - target: {fileID: 4410336491158884, guid: acebab67694a94a469daccc5cfda8008, type: 2}
      propertyPath: m_LocalPosition.y
      value: 0
      objectReference: {fileID: 0}
    - target: {fileID: 4410336491158884, guid: acebab67694a94a469daccc5cfda8008, type: 2}
      propertyPath: m_LocalPosition.z
      value: 8.345374
      objectReference: {fileID: 0}
    - target: {fileID: 4410336491158884, guid: acebab67694a94a469daccc5cfda8008, type: 2}
      propertyPath: m_LocalRotation.x
      value: 0
      objectReference: {fileID: 0}
    - target: {fileID: 4410336491158884, guid: acebab67694a94a469daccc5cfda8008, type: 2}
      propertyPath: m_LocalRotation.y
      value: 0
      objectReference: {fileID: 0}
    - target: {fileID: 4410336491158884, guid: acebab67694a94a469daccc5cfda8008, type: 2}
      propertyPath: m_LocalRotation.z
      value: 0
      objectReference: {fileID: 0}
    - target: {fileID: 4410336491158884, guid: acebab67694a94a469daccc5cfda8008, type: 2}
      propertyPath: m_LocalRotation.w
      value: 1
      objectReference: {fileID: 0}
    - target: {fileID: 4410336491158884, guid: acebab67694a94a469daccc5cfda8008, type: 2}
      propertyPath: m_RootOrder
      value: 9
      objectReference: {fileID: 0}
    - target: {fileID: 114937421433039838, guid: acebab67694a94a469daccc5cfda8008,
        type: 2}
      propertyPath: pen
      value: 
      objectReference: {fileID: 311765143}
    - target: {fileID: 195071776401349842, guid: acebab67694a94a469daccc5cfda8008,
        type: 2}
      propertyPath: m_Speed
      value: 3
      objectReference: {fileID: 0}
    m_RemovedComponents: []
  m_SourcePrefab: {fileID: 100100000, guid: acebab67694a94a469daccc5cfda8008, type: 2}
  m_IsPrefabAsset: 0
--- !u!1001 &667950574
Prefab:
  m_ObjectHideFlags: 0
  serializedVersion: 2
  m_Modification:
    m_TransformParent: {fileID: 0}
    m_Modifications:
    - target: {fileID: 4430659174312408, guid: f64b7e993b731412599d4122bbbe35eb, type: 2}
      propertyPath: m_LocalPosition.x
      value: -13.9
      objectReference: {fileID: 0}
    - target: {fileID: 4430659174312408, guid: f64b7e993b731412599d4122bbbe35eb, type: 2}
      propertyPath: m_LocalPosition.y
      value: 0.4
      objectReference: {fileID: 0}
    - target: {fileID: 4430659174312408, guid: f64b7e993b731412599d4122bbbe35eb, type: 2}
      propertyPath: m_LocalPosition.z
      value: -25.2
      objectReference: {fileID: 0}
    - target: {fileID: 4430659174312408, guid: f64b7e993b731412599d4122bbbe35eb, type: 2}
      propertyPath: m_LocalRotation.x
      value: -0
      objectReference: {fileID: 0}
    - target: {fileID: 4430659174312408, guid: f64b7e993b731412599d4122bbbe35eb, type: 2}
      propertyPath: m_LocalRotation.y
      value: -0
      objectReference: {fileID: 0}
    - target: {fileID: 4430659174312408, guid: f64b7e993b731412599d4122bbbe35eb, type: 2}
      propertyPath: m_LocalRotation.z
      value: -0
      objectReference: {fileID: 0}
    - target: {fileID: 4430659174312408, guid: f64b7e993b731412599d4122bbbe35eb, type: 2}
      propertyPath: m_LocalRotation.w
      value: 1
      objectReference: {fileID: 0}
    - target: {fileID: 4430659174312408, guid: f64b7e993b731412599d4122bbbe35eb, type: 2}
      propertyPath: m_RootOrder
      value: 8
      objectReference: {fileID: 0}
    - target: {fileID: 1573128406205018, guid: f64b7e993b731412599d4122bbbe35eb, type: 2}
      propertyPath: m_Name
      value: Pen (1)
      objectReference: {fileID: 0}
    - target: {fileID: 114124090533966464, guid: f64b7e993b731412599d4122bbbe35eb,
        type: 2}
      propertyPath: animals.Array.data[1]
      value: 
      objectReference: {fileID: 114328606067410242, guid: e27cb44e8e9cf4be19154b341c39ad31,
        type: 2}
    - target: {fileID: 114124090533966464, guid: f64b7e993b731412599d4122bbbe35eb,
        type: 2}
      propertyPath: animals.Array.data[2]
      value: 
      objectReference: {fileID: 114352898485252362, guid: 8927569699b1b415bb3ab641798f41bc,
        type: 2}
    - target: {fileID: 114124090533966464, guid: f64b7e993b731412599d4122bbbe35eb,
        type: 2}
      propertyPath: animals.Array.data[0]
      value: 
      objectReference: {fileID: 114937421433039838, guid: acebab67694a94a469daccc5cfda8008,
        type: 2}
    - target: {fileID: 114124090533966464, guid: f64b7e993b731412599d4122bbbe35eb,
        type: 2}
      propertyPath: animalsStartCount
      value: 2
      objectReference: {fileID: 0}
    m_RemovedComponents: []
  m_SourcePrefab: {fileID: 100100000, guid: f64b7e993b731412599d4122bbbe35eb, type: 2}
  m_IsPrefabAsset: 0
--- !u!1 &688688223
GameObject:
  m_ObjectHideFlags: 0
  m_CorrespondingSourceObject: {fileID: 0}
  m_PrefabInternal: {fileID: 0}
  serializedVersion: 6
  m_Component:
  - component: {fileID: 688688225}
  - component: {fileID: 688688224}
  m_Layer: 0
  m_Name: Pen
  m_TagString: Untagged
  m_Icon: {fileID: 0}
  m_NavMeshLayer: 0
  m_StaticEditorFlags: 0
  m_IsActive: 0
--- !u!114 &688688224
MonoBehaviour:
  m_ObjectHideFlags: 0
  m_CorrespondingSourceObject: {fileID: 0}
  m_PrefabInternal: {fileID: 0}
  m_GameObject: {fileID: 688688223}
  m_Enabled: 1
  m_EditorHideFlags: 0
  m_Script: {fileID: 11500000, guid: da23dfb47e0f241f1b69d5a341b5baa8, type: 3}
  m_Name: 
  m_EditorClassIdentifier: 
  animals:
  - {fileID: 1975256409}
  - {fileID: 462333878}
  - {fileID: 1127350646}
  animalsStartCount: 2
  rect:
    serializedVersion: 2
    x: -5.23
    y: -26.4
    width: 10
    height: 10
  spawnRect:
    serializedVersion: 2
    x: -5.23
    y: -26.4
    width: 10
    height: 10
--- !u!4 &688688225
Transform:
  m_ObjectHideFlags: 0
  m_CorrespondingSourceObject: {fileID: 0}
  m_PrefabInternal: {fileID: 0}
  m_GameObject: {fileID: 688688223}
  m_LocalRotation: {x: -0, y: -0, z: -0, w: 1}
  m_LocalPosition: {x: -5.23, y: 0, z: -26.4}
  m_LocalScale: {x: 1, y: 1, z: 1}
  m_Children: []
  m_Father: {fileID: 0}
  m_RootOrder: 5
  m_LocalEulerAnglesHint: {x: 0, y: 0, z: 0}
--- !u!1001 &910012195
Prefab:
  m_ObjectHideFlags: 0
  serializedVersion: 2
  m_Modification:
    m_TransformParent: {fileID: 0}
    m_Modifications:
    - target: {fileID: 4350808532803566, guid: 1c0a0af39555740e2a5b821e87a346c7, type: 2}
      propertyPath: m_LocalPosition.x
      value: 0.234653
      objectReference: {fileID: 0}
    - target: {fileID: 4350808532803566, guid: 1c0a0af39555740e2a5b821e87a346c7, type: 2}
      propertyPath: m_LocalPosition.y
      value: 0
      objectReference: {fileID: 0}
    - target: {fileID: 4350808532803566, guid: 1c0a0af39555740e2a5b821e87a346c7, type: 2}
      propertyPath: m_LocalPosition.z
      value: -2.7815459
      objectReference: {fileID: 0}
    - target: {fileID: 4350808532803566, guid: 1c0a0af39555740e2a5b821e87a346c7, type: 2}
      propertyPath: m_LocalRotation.x
      value: 0
      objectReference: {fileID: 0}
    - target: {fileID: 4350808532803566, guid: 1c0a0af39555740e2a5b821e87a346c7, type: 2}
      propertyPath: m_LocalRotation.y
      value: 0
      objectReference: {fileID: 0}
    - target: {fileID: 4350808532803566, guid: 1c0a0af39555740e2a5b821e87a346c7, type: 2}
      propertyPath: m_LocalRotation.z
      value: 0
      objectReference: {fileID: 0}
    - target: {fileID: 4350808532803566, guid: 1c0a0af39555740e2a5b821e87a346c7, type: 2}
      propertyPath: m_LocalRotation.w
      value: 1
      objectReference: {fileID: 0}
    - target: {fileID: 4350808532803566, guid: 1c0a0af39555740e2a5b821e87a346c7, type: 2}
      propertyPath: m_RootOrder
      value: 6
      objectReference: {fileID: 0}
    m_RemovedComponents: []
  m_SourcePrefab: {fileID: 100100000, guid: 1c0a0af39555740e2a5b821e87a346c7, type: 2}
  m_IsPrefabAsset: 0
--- !u!1 &968857125
GameObject:
  m_ObjectHideFlags: 0
  m_CorrespondingSourceObject: {fileID: 0}
  m_PrefabInternal: {fileID: 0}
  serializedVersion: 6
  m_Component:
  - component: {fileID: 968857130}
  - component: {fileID: 968857129}
  - component: {fileID: 968857128}
  - component: {fileID: 968857127}
  - component: {fileID: 968857126}
  - component: {fileID: 968857131}
  m_Layer: 0
  m_Name: God
  m_TagString: God
  m_Icon: {fileID: 0}
  m_NavMeshLayer: 0
  m_StaticEditorFlags: 0
  m_IsActive: 0
--- !u!135 &968857126
SphereCollider:
  m_ObjectHideFlags: 0
  m_CorrespondingSourceObject: {fileID: 0}
  m_PrefabInternal: {fileID: 0}
  m_GameObject: {fileID: 968857125}
  m_Material: {fileID: 0}
  m_IsTrigger: 1
  m_Enabled: 1
  serializedVersion: 2
  m_Radius: 3
  m_Center: {x: 0, y: 0, z: 0}
--- !u!136 &968857127
CapsuleCollider:
  m_ObjectHideFlags: 0
  m_CorrespondingSourceObject: {fileID: 0}
  m_PrefabInternal: {fileID: 0}
  m_GameObject: {fileID: 968857125}
  m_Material: {fileID: 0}
  m_IsTrigger: 0
  m_Enabled: 1
  m_Radius: 0.5
  m_Height: 2
  m_Direction: 1
  m_Center: {x: 0, y: 0, z: 0}
--- !u!23 &968857128
MeshRenderer:
  m_ObjectHideFlags: 0
  m_CorrespondingSourceObject: {fileID: 0}
  m_PrefabInternal: {fileID: 0}
  m_GameObject: {fileID: 968857125}
  m_Enabled: 1
  m_CastShadows: 1
  m_ReceiveShadows: 1
  m_DynamicOccludee: 1
  m_MotionVectors: 1
  m_LightProbeUsage: 1
  m_ReflectionProbeUsage: 1
  m_RenderingLayerMask: 4294967295
  m_Materials:
  - {fileID: 10303, guid: 0000000000000000f000000000000000, type: 0}
  m_StaticBatchInfo:
    firstSubMesh: 0
    subMeshCount: 0
  m_StaticBatchRoot: {fileID: 0}
  m_ProbeAnchor: {fileID: 0}
  m_LightProbeVolumeOverride: {fileID: 0}
  m_ScaleInLightmap: 1
  m_PreserveUVs: 0
  m_IgnoreNormalsForChartDetection: 0
  m_ImportantGI: 0
  m_StitchLightmapSeams: 0
  m_SelectedEditorRenderState: 3
  m_MinimumChartSize: 4
  m_AutoUVMaxDistance: 0.5
  m_AutoUVMaxAngle: 89
  m_LightmapParameters: {fileID: 0}
  m_SortingLayerID: 0
  m_SortingLayer: 0
  m_SortingOrder: 0
--- !u!33 &968857129
MeshFilter:
  m_ObjectHideFlags: 0
  m_CorrespondingSourceObject: {fileID: 0}
  m_PrefabInternal: {fileID: 0}
  m_GameObject: {fileID: 968857125}
  m_Mesh: {fileID: 10208, guid: 0000000000000000e000000000000000, type: 0}
--- !u!4 &968857130
Transform:
  m_ObjectHideFlags: 0
  m_CorrespondingSourceObject: {fileID: 0}
  m_PrefabInternal: {fileID: 0}
  m_GameObject: {fileID: 968857125}
  m_LocalRotation: {x: 0, y: 0, z: 0, w: 1}
  m_LocalPosition: {x: 3.62, y: 1.07, z: 3.74}
  m_LocalScale: {x: 1, y: 1, z: 1}
  m_Children: []
  m_Father: {fileID: 0}
  m_RootOrder: 4
  m_LocalEulerAnglesHint: {x: 0, y: 0, z: 0}
--- !u!114 &968857131
MonoBehaviour:
  m_ObjectHideFlags: 0
  m_CorrespondingSourceObject: {fileID: 0}
  m_PrefabInternal: {fileID: 0}
  m_GameObject: {fileID: 968857125}
  m_Enabled: 1
  m_EditorHideFlags: 0
  m_Script: {fileID: 11500000, guid: 3ac1580b3475043e7896206caa2b02cd, type: 3}
  m_Name: 
  m_EditorClassIdentifier: 
  godName: 
  portrait: {fileID: 0}
  angrySpell: {fileID: 0}
  ecstaticSpell: {fileID: 0}
  happiness: 0
  angryLevel: 0
  ecstaticLevel: 0
  happinessDecayRate: 0
  happinessDecayCooldown: 0
  requestObjects: []
  requestedSacrifice: 0
  hasRequest: 0
  audioSource: {fileID: 0}
  acceptSounds: []
  curiousSounds: []
  demandSounds: []
  denySounds: []
  timeBetweenZaps: {x: 0, y: 0}
  zapParticles: {fileID: 0}
  zeusCloud: {fileID: 0}
--- !u!114 &1127350646 stripped
MonoBehaviour:
  m_CorrespondingSourceObject: {fileID: 114352898485252362, guid: 8927569699b1b415bb3ab641798f41bc,
    type: 2}
  m_PrefabInternal: {fileID: 1202646993}
  m_Script: {fileID: 11500000, guid: 8fe4005012d2048a392302ed49c543cb, type: 3}
--- !u!1001 &1202646993
Prefab:
  m_ObjectHideFlags: 0
  serializedVersion: 2
  m_Modification:
    m_TransformParent: {fileID: 0}
    m_Modifications:
    - target: {fileID: 4868940157821092, guid: 8927569699b1b415bb3ab641798f41bc, type: 2}
      propertyPath: m_LocalPosition.x
      value: 1.9069816
      objectReference: {fileID: 0}
    - target: {fileID: 4868940157821092, guid: 8927569699b1b415bb3ab641798f41bc, type: 2}
      propertyPath: m_LocalPosition.y
      value: 0
      objectReference: {fileID: 0}
    - target: {fileID: 4868940157821092, guid: 8927569699b1b415bb3ab641798f41bc, type: 2}
      propertyPath: m_LocalPosition.z
      value: 5.4003696
      objectReference: {fileID: 0}
    - target: {fileID: 4868940157821092, guid: 8927569699b1b415bb3ab641798f41bc, type: 2}
      propertyPath: m_LocalRotation.x
      value: -0
      objectReference: {fileID: 0}
    - target: {fileID: 4868940157821092, guid: 8927569699b1b415bb3ab641798f41bc, type: 2}
      propertyPath: m_LocalRotation.y
      value: -0
      objectReference: {fileID: 0}
    - target: {fileID: 4868940157821092, guid: 8927569699b1b415bb3ab641798f41bc, type: 2}
      propertyPath: m_LocalRotation.z
      value: -0
      objectReference: {fileID: 0}
    - target: {fileID: 4868940157821092, guid: 8927569699b1b415bb3ab641798f41bc, type: 2}
      propertyPath: m_LocalRotation.w
      value: 1
      objectReference: {fileID: 0}
    - target: {fileID: 4868940157821092, guid: 8927569699b1b415bb3ab641798f41bc, type: 2}
      propertyPath: m_RootOrder
      value: 7
      objectReference: {fileID: 0}
    - target: {fileID: 114352898485252362, guid: 8927569699b1b415bb3ab641798f41bc,
        type: 2}
      propertyPath: pen
      value: 
      objectReference: {fileID: 311765143}
    - target: {fileID: 195940331721817854, guid: 8927569699b1b415bb3ab641798f41bc,
        type: 2}
      propertyPath: m_Speed
      value: 0.7
      objectReference: {fileID: 0}
    - target: {fileID: 4595172661203866, guid: 8927569699b1b415bb3ab641798f41bc, type: 2}
      propertyPath: m_LocalRotation.x
      value: 0.5
      objectReference: {fileID: 0}
    - target: {fileID: 4595172661203866, guid: 8927569699b1b415bb3ab641798f41bc, type: 2}
      propertyPath: m_LocalRotation.y
      value: -0.50000006
      objectReference: {fileID: 0}
    - target: {fileID: 4595172661203866, guid: 8927569699b1b415bb3ab641798f41bc, type: 2}
      propertyPath: m_LocalRotation.z
      value: 0.50000006
      objectReference: {fileID: 0}
    - target: {fileID: 4595172661203866, guid: 8927569699b1b415bb3ab641798f41bc, type: 2}
      propertyPath: m_LocalRotation.w
      value: 0.5
      objectReference: {fileID: 0}
    - target: {fileID: 4210159639872686, guid: 8927569699b1b415bb3ab641798f41bc, type: 2}
      propertyPath: m_LocalRotation.x
      value: 0.5
      objectReference: {fileID: 0}
    - target: {fileID: 4210159639872686, guid: 8927569699b1b415bb3ab641798f41bc, type: 2}
      propertyPath: m_LocalRotation.y
      value: -0.50000006
      objectReference: {fileID: 0}
    - target: {fileID: 4210159639872686, guid: 8927569699b1b415bb3ab641798f41bc, type: 2}
      propertyPath: m_LocalRotation.z
      value: 0.50000006
      objectReference: {fileID: 0}
    - target: {fileID: 4210159639872686, guid: 8927569699b1b415bb3ab641798f41bc, type: 2}
      propertyPath: m_LocalRotation.w
      value: 0.5
      objectReference: {fileID: 0}
    - target: {fileID: 4188136950487188, guid: 8927569699b1b415bb3ab641798f41bc, type: 2}
      propertyPath: m_LocalRotation.x
      value: 0.5
      objectReference: {fileID: 0}
    - target: {fileID: 4188136950487188, guid: 8927569699b1b415bb3ab641798f41bc, type: 2}
      propertyPath: m_LocalRotation.y
      value: -0.50000006
      objectReference: {fileID: 0}
    - target: {fileID: 4188136950487188, guid: 8927569699b1b415bb3ab641798f41bc, type: 2}
      propertyPath: m_LocalRotation.z
      value: 0.50000006
      objectReference: {fileID: 0}
    - target: {fileID: 4188136950487188, guid: 8927569699b1b415bb3ab641798f41bc, type: 2}
      propertyPath: m_LocalRotation.w
      value: 0.5
      objectReference: {fileID: 0}
    - target: {fileID: 4078746554258636, guid: 8927569699b1b415bb3ab641798f41bc, type: 2}
      propertyPath: m_LocalRotation.x
      value: 0.5
      objectReference: {fileID: 0}
    - target: {fileID: 4078746554258636, guid: 8927569699b1b415bb3ab641798f41bc, type: 2}
      propertyPath: m_LocalRotation.y
      value: -0.50000006
      objectReference: {fileID: 0}
    - target: {fileID: 4078746554258636, guid: 8927569699b1b415bb3ab641798f41bc, type: 2}
      propertyPath: m_LocalRotation.z
      value: 0.50000006
      objectReference: {fileID: 0}
    - target: {fileID: 4078746554258636, guid: 8927569699b1b415bb3ab641798f41bc, type: 2}
      propertyPath: m_LocalRotation.w
      value: 0.5
      objectReference: {fileID: 0}
    m_RemovedComponents: []
  m_SourcePrefab: {fileID: 100100000, guid: 8927569699b1b415bb3ab641798f41bc, type: 2}
  m_IsPrefabAsset: 0
--- !u!1001 &1370733026
Prefab:
  m_ObjectHideFlags: 0
  serializedVersion: 2
  m_Modification:
    m_TransformParent: {fileID: 0}
    m_Modifications:
    - target: {fileID: 4788107147399736, guid: e27cb44e8e9cf4be19154b341c39ad31, type: 2}
      propertyPath: m_LocalPosition.x
      value: 4.71
      objectReference: {fileID: 0}
    - target: {fileID: 4788107147399736, guid: e27cb44e8e9cf4be19154b341c39ad31, type: 2}
      propertyPath: m_LocalPosition.y
      value: 0
      objectReference: {fileID: 0}
    - target: {fileID: 4788107147399736, guid: e27cb44e8e9cf4be19154b341c39ad31, type: 2}
      propertyPath: m_LocalPosition.z
      value: 0
      objectReference: {fileID: 0}
    - target: {fileID: 4788107147399736, guid: e27cb44e8e9cf4be19154b341c39ad31, type: 2}
      propertyPath: m_LocalRotation.x
      value: -0
      objectReference: {fileID: 0}
    - target: {fileID: 4788107147399736, guid: e27cb44e8e9cf4be19154b341c39ad31, type: 2}
      propertyPath: m_LocalRotation.y
      value: -0
      objectReference: {fileID: 0}
    - target: {fileID: 4788107147399736, guid: e27cb44e8e9cf4be19154b341c39ad31, type: 2}
      propertyPath: m_LocalRotation.z
      value: -0
      objectReference: {fileID: 0}
    - target: {fileID: 4788107147399736, guid: e27cb44e8e9cf4be19154b341c39ad31, type: 2}
      propertyPath: m_LocalRotation.w
      value: 1
      objectReference: {fileID: 0}
    - target: {fileID: 4788107147399736, guid: e27cb44e8e9cf4be19154b341c39ad31, type: 2}
      propertyPath: m_RootOrder
      value: 2
      objectReference: {fileID: 0}
    - target: {fileID: 114328606067410242, guid: e27cb44e8e9cf4be19154b341c39ad31,
        type: 2}
      propertyPath: pen
      value: 
      objectReference: {fileID: 311765143}
    - target: {fileID: 195847386650933834, guid: e27cb44e8e9cf4be19154b341c39ad31,
        type: 2}
      propertyPath: m_Speed
      value: 1.2
      objectReference: {fileID: 0}
    m_RemovedComponents: []
  m_SourcePrefab: {fileID: 100100000, guid: e27cb44e8e9cf4be19154b341c39ad31, type: 2}
  m_IsPrefabAsset: 0
--- !u!1 &1393315486
GameObject:
  m_ObjectHideFlags: 0
  m_CorrespondingSourceObject: {fileID: 0}
  m_PrefabInternal: {fileID: 0}
  serializedVersion: 6
  m_Component:
  - component: {fileID: 1393315490}
  - component: {fileID: 1393315489}
  - component: {fileID: 1393315488}
  - component: {fileID: 1393315487}
  m_Layer: 0
  m_Name: Plane
  m_TagString: Untagged
  m_Icon: {fileID: 0}
  m_NavMeshLayer: 0
  m_StaticEditorFlags: 4294967295
  m_IsActive: 1
--- !u!64 &1393315487
MeshCollider:
  m_ObjectHideFlags: 0
  m_CorrespondingSourceObject: {fileID: 0}
  m_PrefabInternal: {fileID: 0}
  m_GameObject: {fileID: 1393315486}
  m_Material: {fileID: 0}
  m_IsTrigger: 0
  m_Enabled: 1
  serializedVersion: 3
  m_Convex: 0
  m_CookingOptions: 14
  m_SkinWidth: 0.01
  m_Mesh: {fileID: 10209, guid: 0000000000000000e000000000000000, type: 0}
--- !u!23 &1393315488
MeshRenderer:
  m_ObjectHideFlags: 0
  m_CorrespondingSourceObject: {fileID: 0}
  m_PrefabInternal: {fileID: 0}
  m_GameObject: {fileID: 1393315486}
  m_Enabled: 1
  m_CastShadows: 1
  m_ReceiveShadows: 1
  m_DynamicOccludee: 1
  m_MotionVectors: 1
  m_LightProbeUsage: 1
  m_ReflectionProbeUsage: 1
  m_RenderingLayerMask: 4294967295
  m_Materials:
  - {fileID: 10303, guid: 0000000000000000f000000000000000, type: 0}
  m_StaticBatchInfo:
    firstSubMesh: 0
    subMeshCount: 0
  m_StaticBatchRoot: {fileID: 0}
  m_ProbeAnchor: {fileID: 0}
  m_LightProbeVolumeOverride: {fileID: 0}
  m_ScaleInLightmap: 1
  m_PreserveUVs: 0
  m_IgnoreNormalsForChartDetection: 0
  m_ImportantGI: 0
  m_StitchLightmapSeams: 0
  m_SelectedEditorRenderState: 3
  m_MinimumChartSize: 4
  m_AutoUVMaxDistance: 0.5
  m_AutoUVMaxAngle: 89
  m_LightmapParameters: {fileID: 0}
  m_SortingLayerID: 0
  m_SortingLayer: 0
  m_SortingOrder: 0
--- !u!33 &1393315489
MeshFilter:
  m_ObjectHideFlags: 0
  m_CorrespondingSourceObject: {fileID: 0}
  m_PrefabInternal: {fileID: 0}
  m_GameObject: {fileID: 1393315486}
  m_Mesh: {fileID: 10209, guid: 0000000000000000e000000000000000, type: 0}
--- !u!4 &1393315490
Transform:
  m_ObjectHideFlags: 0
  m_CorrespondingSourceObject: {fileID: 0}
  m_PrefabInternal: {fileID: 0}
  m_GameObject: {fileID: 1393315486}
  m_LocalRotation: {x: 0, y: 0, z: 0, w: 1}
  m_LocalPosition: {x: 0, y: 0, z: 0}
  m_LocalScale: {x: 5.8162, y: 1, z: 5.91}
  m_Children: []
  m_Father: {fileID: 0}
  m_RootOrder: 3
  m_LocalEulerAnglesHint: {x: 0, y: 0, z: 0}
--- !u!1001 &1466153032
Prefab:
  m_ObjectHideFlags: 0
  serializedVersion: 2
  m_Modification:
    m_TransformParent: {fileID: 0}
    m_Modifications:
    - target: {fileID: 4877060653928754, guid: 05c5a1b854fdd4da29b55632be0055bc, type: 2}
      propertyPath: m_LocalPosition.x
      value: 0
      objectReference: {fileID: 0}
    - target: {fileID: 4877060653928754, guid: 05c5a1b854fdd4da29b55632be0055bc, type: 2}
      propertyPath: m_LocalPosition.y
      value: 0
      objectReference: {fileID: 0}
    - target: {fileID: 4877060653928754, guid: 05c5a1b854fdd4da29b55632be0055bc, type: 2}
      propertyPath: m_LocalPosition.z
      value: 0
      objectReference: {fileID: 0}
    - target: {fileID: 4877060653928754, guid: 05c5a1b854fdd4da29b55632be0055bc, type: 2}
      propertyPath: m_LocalRotation.x
      value: 0
      objectReference: {fileID: 0}
    - target: {fileID: 4877060653928754, guid: 05c5a1b854fdd4da29b55632be0055bc, type: 2}
      propertyPath: m_LocalRotation.y
      value: 0
      objectReference: {fileID: 0}
    - target: {fileID: 4877060653928754, guid: 05c5a1b854fdd4da29b55632be0055bc, type: 2}
      propertyPath: m_LocalRotation.z
      value: 0
      objectReference: {fileID: 0}
    - target: {fileID: 4877060653928754, guid: 05c5a1b854fdd4da29b55632be0055bc, type: 2}
      propertyPath: m_LocalRotation.w
      value: 1
      objectReference: {fileID: 0}
    - target: {fileID: 4877060653928754, guid: 05c5a1b854fdd4da29b55632be0055bc, type: 2}
      propertyPath: m_RootOrder
      value: 1
      objectReference: {fileID: 0}
    - target: {fileID: 114865422716463522, guid: 05c5a1b854fdd4da29b55632be0055bc,
        type: 2}
      propertyPath: target
      value: 
      objectReference: {fileID: 1831505438}
    - target: {fileID: 4845548322397702, guid: 05c5a1b854fdd4da29b55632be0055bc, type: 2}
      propertyPath: m_LocalRotation.x
      value: 0.38268343
      objectReference: {fileID: 0}
    - target: {fileID: 4845548322397702, guid: 05c5a1b854fdd4da29b55632be0055bc, type: 2}
      propertyPath: m_LocalRotation.w
      value: 0.92387956
      objectReference: {fileID: 0}
    - target: {fileID: 4845548322397702, guid: 05c5a1b854fdd4da29b55632be0055bc, type: 2}
      propertyPath: m_LocalEulerAnglesHint.x
      value: 45
      objectReference: {fileID: 0}
    - target: {fileID: 4845548322397702, guid: 05c5a1b854fdd4da29b55632be0055bc, type: 2}
      propertyPath: m_LocalPosition.y
      value: 12
      objectReference: {fileID: 0}
    - target: {fileID: 4845548322397702, guid: 05c5a1b854fdd4da29b55632be0055bc, type: 2}
      propertyPath: m_LocalPosition.z
      value: -12
      objectReference: {fileID: 0}
    m_RemovedComponents: []
  m_SourcePrefab: {fileID: 100100000, guid: 05c5a1b854fdd4da29b55632be0055bc, type: 2}
  m_IsPrefabAsset: 0
--- !u!1 &1831505438 stripped
GameObject:
  m_CorrespondingSourceObject: {fileID: 1632657316086160, guid: 1c0a0af39555740e2a5b821e87a346c7,
    type: 2}
  m_PrefabInternal: {fileID: 910012195}
--- !u!114 &1975256409 stripped
MonoBehaviour:
  m_CorrespondingSourceObject: {fileID: 114328606067410242, guid: e27cb44e8e9cf4be19154b341c39ad31,
    type: 2}
  m_PrefabInternal: {fileID: 1370733026}
  m_Script: {fileID: 11500000, guid: a1335f3d055ae4bd7b461a9b1a43286c, type: 3}
--- !u!1001 &2113471719
Prefab:
  m_ObjectHideFlags: 0
  serializedVersion: 2
  m_Modification:
    m_TransformParent: {fileID: 0}
    m_Modifications:
    - target: {fileID: 4950294334316594, guid: 05b45c9577c1a4a2a914e75730ead1e8, type: 2}
      propertyPath: m_LocalPosition.x
      value: 0
      objectReference: {fileID: 0}
    - target: {fileID: 4950294334316594, guid: 05b45c9577c1a4a2a914e75730ead1e8, type: 2}
      propertyPath: m_LocalPosition.y
      value: 0.843
      objectReference: {fileID: 0}
    - target: {fileID: 4950294334316594, guid: 05b45c9577c1a4a2a914e75730ead1e8, type: 2}
      propertyPath: m_LocalPosition.z
      value: 0
      objectReference: {fileID: 0}
    - target: {fileID: 4950294334316594, guid: 05b45c9577c1a4a2a914e75730ead1e8, type: 2}
      propertyPath: m_LocalRotation.x
      value: 0
      objectReference: {fileID: 0}
    - target: {fileID: 4950294334316594, guid: 05b45c9577c1a4a2a914e75730ead1e8, type: 2}
      propertyPath: m_LocalRotation.y
      value: 0
      objectReference: {fileID: 0}
    - target: {fileID: 4950294334316594, guid: 05b45c9577c1a4a2a914e75730ead1e8, type: 2}
      propertyPath: m_LocalRotation.z
      value: 0
      objectReference: {fileID: 0}
    - target: {fileID: 4950294334316594, guid: 05b45c9577c1a4a2a914e75730ead1e8, type: 2}
      propertyPath: m_LocalRotation.w
      value: 1
      objectReference: {fileID: 0}
    - target: {fileID: 4950294334316594, guid: 05b45c9577c1a4a2a914e75730ead1e8, type: 2}
      propertyPath: m_RootOrder
      value: 10
      objectReference: {fileID: 0}
    m_RemovedComponents: []
  m_SourcePrefab: {fileID: 100100000, guid: 05b45c9577c1a4a2a914e75730ead1e8, type: 2}
  m_IsPrefabAsset: 0
